<?xml version="1.0" encoding="UTF-8" standalone="yes"?><OAI-PMH xsi:schemaLocation="http://www.openarchives.org/OAI/2.0/ http://www.openarchives.org/OAI/2.0/OAI-PMH.xsd" xmlns="http://www.openarchives.org/OAI/2.0/" xmlns:oai_dc="http://www.openarchives.org/OAI/2.0/oai_dc/" xmlns:marc="http://www.loc.gov/MARC21/slim" xmlns:oai-identifier="http://www.openarchives.org/OAI/2.0/oai-identifier" xmlns:dc="http://purl.org/dc/elements/1.1/" xmlns:xsi="http://www.w3.org/2001/XMLSchema-instance"><responseDate>2022-06-29T15:15:59Z</responseDate><request verb="GetRecord" identifier="oai:test.folio.org:oaiTest/00000000-0000-4a89-a2f9-78ce3145e4fc" metadataPrefix="marc21_withholdings">http://test.folio.org/oai</request><GetRecord><record><header><identifier>oai:test.folio.org:oaiTest/00000000-0000-4a89-a2f9-78ce3145e4fc</identifier><datestamp>2018-11-20T07:23:11Z</datestamp><setSpec>all</setSpec></header><metadata><marc:record><marc:leader>01344nja a2200289 c 4500</marc:leader><marc:controlfield tag="001">1011162431</marc:controlfield><marc:controlfield tag="003">DE-601</marc:controlfield><marc:controlfield tag="005">20180118183625.0</marc:controlfield><marc:controlfield tag="007">su uuuuuuuuuuu</marc:controlfield><marc:controlfield tag="008">180118s2017                  000 0 ger d</marc:controlfield><marc:datafield tag="035" ind1=" " ind2=" "><marc:subfield code="a">(DE-599)GBV1011162431</marc:subfield></marc:datafield><marc:datafield tag="040" ind1=" " ind2=" "><marc:subfield code="b">ger</marc:subfield><marc:subfield code="c">GBVCP</marc:subfield><marc:subfield code="e">rda</marc:subfield></marc:datafield><marc:datafield tag="041" ind1="0" ind2=" "><marc:subfield code="a">ger</marc:subfield></marc:datafield><marc:datafield tag="100" ind1="1" ind2=" "><marc:subfield code="a">Bach, Johann Sebastian</marc:subfield><marc:subfield code="e">KomponistIn</marc:subfield><marc:subfield code="4">cmp</marc:subfield><marc:subfield code="0">(DE-601)134579348</marc:subfield><marc:subfield code="0">(DE-588)11850553X</marc:subfield></marc:datafield><marc:datafield tag="240" ind1="1" ind2="0"><marc:subfield code="0">(DE-601)701589477</marc:subfield><marc:subfield code="0">(DE-588)300007736</marc:subfield><marc:subfield code="a">Ich habe genung</marc:subfield></marc:datafield><marc:datafield tag="245" ind1="1" ind2="0"><marc:subfield code="a">Cantatas for bass</marc:subfield><marc:subfield code="n">4</marc:subfield><marc:subfield code="p">Ich habe genug : BWV 82 / Johann Sebastian Bach ; Matthias Goerne, baritone ; Freiburger Barockorchester, Gottfried von der Goltz, violin and conductor</marc:subfield></marc:datafield><marc:datafield tag="246" ind1="1" ind2="3"><marc:subfield code="i">Abweichender Titel</marc:subfield><marc:subfield code="a">Ich habe genung</marc:subfield></marc:datafield><marc:datafield tag="300" ind1=" " ind2=" "><marc:subfield code="a">Track 10-14</marc:subfield></marc:datafield><marc:datafield tag="336" ind1=" " ind2=" "><marc:subfield code="a">aufgeführte Musik</marc:subfield><marc:subfield code="b">prm</marc:subfield><marc:subfield code="2">rdacontent</marc:subfield></marc:datafield><marc:datafield tag="337" ind1=" " ind2=" "><marc:subfield code="a">audio</marc:subfield><marc:subfield code="b">s</marc:subfield><marc:subfield code="2">rdamedia</marc:subfield></marc:datafield><marc:datafield tag="338" ind1=" " ind2=" "><marc:subfield code="a">Audiodisk</marc:subfield><marc:subfield code="b">sd</marc:subfield><marc:subfield code="2">rdacarrier</marc:subfield></marc:datafield><marc:datafield tag="700" ind1="1" ind2=" "><marc:subfield code="a">Arfken, Katharina</marc:subfield><marc:subfield code="e">InstrumentalmusikerIn</marc:subfield><marc:subfield code="4">itr</marc:subfield><marc:subfield code="0">(DE-601)576364940</marc:subfield><marc:subfield code="0">(DE-588)135158265</marc:subfield></marc:datafield><marc:datafield tag="700" ind1="1" ind2=" "><marc:subfield code="a">Goltz, Gottfried von der</marc:subfield><marc:subfield code="e">DirigentIn</marc:subfield><marc:subfield code="4">cnd</marc:subfield><marc:subfield code="0">(DE-601)081724969</marc:subfield><marc:subfield code="0">(DE-588)122080912</marc:subfield></marc:datafield><marc:datafield tag="710" ind1="2" ind2=" "><marc:subfield code="a">Freiburger Barockorchester</marc:subfield><marc:subfield code="e">InstrumentalmusikerIn</marc:subfield><marc:subfield code="4">itr</marc:subfield><marc:subfield code="0">(DE-601)12121060X</marc:subfield><marc:subfield code="0">(DE-588)5066798-1</marc:subfield></marc:datafield><marc:datafield tag="773" ind1="0" ind2=" "><marc:subfield code="w">(DE-601)895161729</marc:subfield><marc:subfield code="t">Cantatas for bass, Bach, Johann Sebastian. - Arles : Harmonia Mundi</marc:subfield></marc:datafield><marc:datafield tag="900" ind1=" " ind2=" "><marc:subfield code="a">GBV</marc:subfield><marc:subfield code="b">SBB-PK Berlin &lt;1+1A&gt;</marc:subfield></marc:datafield><marc:datafield tag="954" ind1=" " ind2=" "><marc:subfield code="0">SBB-PK Berlin &lt;1+1A&gt;</marc:subfield><marc:subfield code="a">11</marc:subfield><marc:subfield code="b">1742288871</marc:subfield><marc:subfield code="c">01</marc:subfield><marc:subfield code="x">0001</marc:subfield></marc:datafield><marc:datafield tag="999" ind1="f" ind2="f"><marc:subfield code="s">3c4ae3f3-b460-4a89-a2f9-78ce3145e4fc</marc:subfield><marc:subfield code="i">00000000-0000-4a89-a2f9-78ce3145e4fc</marc:subfield></marc:datafield><marc:datafield tag="952" ind1="f" ind2="f"><marc:subfield code="a">Københavns Universitet</marc:subfield><marc:subfield code="b">City Campus</marc:subfield><marc:subfield code="c">Datalogisk Institut</marc:subfield><marc:subfield code="d">Main Library</marc:subfield><marc:subfield code="e">item Call number</marc:subfield><marc:subfield code="f">item Call number prefix</marc:subfield><marc:subfield code="g">item Call number suffix</marc:subfield><marc:subfield code="h">LC Modified</marc:subfield><marc:subfield code="i">book</marc:subfield><marc:subfield code="j">Volume</marc:subfield><marc:subfield code="k">Enumeration</marc:subfield><marc:subfield code="l">Chronology</marc:subfield><marc:subfield code="m"> Barcode</marc:subfield><marc:subfield code="n">Copy number</marc:subfield><marc:subfield code="p">Course reserves</marc:subfield></marc:datafield><marc:datafield tag="856" ind1="4" ind2="2"><marc:subfield code="3">item related resource Materials specified</marc:subfield><marc:subfield code="u">item related resource URI</marc:subfield><marc:subfield code="y">item related resource Link text</marc:subfield><marc:subfield code="z">item related resource URL public note</marc:subfield></marc:datafield><marc:datafield tag="856" ind1="4" ind2="0"><marc:subfield code="3">Resource Materials specified</marc:subfield><marc:subfield code="u">Resource URI</marc:subfield><marc:subfield code="y">Resource Link text</marc:subfield><marc:subfield code="z">Resource URL public note</marc:subfield></marc:datafield></marc:record></metadata></record></GetRecord></OAI-PMH>
